% zdroj na webe
@misc{IoTbasedSmartHome ,
	authors = "Software Engineering Institute, Carnegie Mellon University",
	title = "IoT based Smart Home",
	howpublished = "\url{https://ieeexplore.ieee.org/document/9115737/}",
}